@book{Mal_GE,
    author = {Malcolm, Noel and Menuhin, Yehudi},
    title = {George Enescu: His life and music},
    year = {1990},
    publisher = {Toccata Press}
}
@misc{PMG_Iad,
    author = {Profil~Medien~GmbH},
    title = {Inspirations \& dreams},
    year = {2017},
    type = {CD},
    organization = {Profil Edition Günter Hänssler},
    note ={PH17000}
}