@online{furrer,
    author = {Furrer, Beat},
    title = {{BEAT} {FURRER} {W}orks},
    url = {https://www.beatfurrer.com/works.html}
}
@online{univ-ed,
    author = {Universal~Edition},
    title = {{B}eat {F}urrer - {L}eben \& {W}erk {d}es {K}omponisten},
    url = {https://www.universaledition.com/beat-furrer-241/werke}
}
@online{baeren,
    author = {BÃ¤renreiter~Verlag},
    year = {2024},
    url = {https://www.baerenreiter.com/en/catalogue/20th21st-century-music/beat-furrer/works/}
}
@online{brahms,
    author = {IRCAM},
    title = {{B}eat {F}urrer},
    year = {2022},
    url = {https://brahms.ircam.fr/en/beat-furrer#works_by_date}
}
@online{mica,
    author = {{m}usic~{a}ustria},
    title = {{W}erkverzeichnis {v}on {B}eat {F}urrer},
    year = {2024},
    url = {https://db.musicaustria.at/werke-von-komponisten/54130}
}